@inproceedings{paper_hdb,
  title={Hippocratic databases},
  author={Agrawal, R. and Kiernan, J. and Srikant, R. and Xu, Y.},
  booktitle={Proceedings of the 28th international conference on Very Large Data Bases},
  pages={143--154},
  year={2002},
  organization={VLDB Endowment}
}

@inproceedings{paper_privacy_sns,
  title={New approach to quantification of privacy on social network sites},
  author={Ngoc, T.H. and Echizen, I. and Komei, K. and Yoshiura, H.},
  booktitle={Advanced Information Networking and Applications (AINA), 2010 24th IEEE International Conference on},
  pages={556--564},
  year={2010},
  organization={IEEE}
}

@article{paper_qpv,
  title={Quantifying privacy violations},
  author={Banerjee, M. and Karimi Adl, R. and Wu, L. and Barker, K.},
  journal={Secure Data Management},
  pages={1--17},
  year={2011},
  publisher={Springer}
}
